<?xml version="1.0" encoding="UTF-8"?><record xmlns="http://www.loc.gov/MARC21/slim" xmlns:cinclude="http://apache.org/cocoon/include/1.0" xmlns:zs="http://www.loc.gov/zing/srw/">
  <leader>00544cz  a2200157n  4500</leader>
  <controlfield tag="001">n  96025727 </controlfield>
  <controlfield tag="003">DLC</controlfield>
  <controlfield tag="005">20000929155353.0</controlfield>
  <controlfield tag="008">960318n| acannaab           |a aaa      </controlfield>
  <datafield tag="010" ind1=" " ind2=" ">
    <subfield code="a">n  96025727 </subfield>
  </datafield>
  <datafield tag="040" ind1=" " ind2=" ">
    <subfield code="a">DLC</subfield>
    <subfield code="c">DLC</subfield>
  </datafield>
  <datafield tag="100" ind1="1" ind2="0">
    <subfield code="a">Smith, Lucy H. King</subfield>
  </datafield>
  <datafield tag="400" ind1="1" ind2=" ">
    <subfield code="a">Smith, Lucy Hahn King</subfield>
  </datafield>
  <datafield tag="400" ind1="1" ind2=" ">
    <subfield code="a">Smith, Alfred Franklin ,</subfield>
    <subfield code="c">Mrs.</subfield>
  </datafield>
  <datafield tag="670" ind1=" " ind2=" ">
    <subfield code="a">NUCMC data from Library of Congress Manuscript Division for Her Poem, n.d.</subfield>
    <subfield code="b">(Smith, Lucy H. King)</subfield>
  </datafield>
  <datafield tag="670" ind1=" " ind2=" ">
    <subfield code="a">LC database, Sept. 29, 2000</subfield>
    <subfield code="b">(hdg.: Smith, Lucy Hahn King ["Mrs. Alfred Franklin Smith"])</subfield>
  </datafield>
</record>